<record><leader>00000cas a2200000 a 4500</leader><controlfield tag="001">14203960</controlfield><controlfield tag="008">860911c19849999txuwr ne      0   a0eng d</controlfield><datafield ind1=" " ind2=" " tag="010"><subfield code="a">sn 86011953 </subfield></datafield><datafield ind1=" " ind2=" " tag="040"><subfield code="a">NSD</subfield><subfield code="b">eng</subfield><subfield code="c">NSD</subfield><subfield code="d">PPM</subfield><subfield code="d">NSD</subfield><subfield code="d">OCLCQ</subfield></datafield><datafield ind1=" " ind2=" " tag="012"><subfield code="l">1</subfield><subfield code="m">1</subfield></datafield><datafield ind1="1" ind2=" " tag="022"><subfield code="a">0890-2666</subfield><subfield code="l">0890-2666</subfield><subfield code="2">1</subfield></datafield><datafield ind1=" " ind2=" " tag="032"><subfield code="a">971420</subfield><subfield code="b">USPS</subfield></datafield><datafield ind1=" " ind2=" " tag="037"><subfield code="b">Progress Times, 1217 N. Conway, Mission, TX 78572</subfield></datafield><datafield ind1=" " ind2=" " tag="042"><subfield code="a">nsdp</subfield></datafield><datafield ind1=" " ind2="0" tag="222"><subfield code="a">Progress times</subfield></datafield><datafield ind1="0" ind2="0" tag="245"><subfield code="a">Progress times.</subfield></datafield><datafield ind1=" " ind2=" " tag="260"><subfield code="a">Mission, Tex. :</subfield><subfield code="b">June K. Brann,</subfield><subfield code="c">1984-</subfield></datafield><datafield ind1=" " ind2=" " tag="310"><subfield code="a">Weekly</subfield></datafield><datafield ind1="0" ind2=" " tag="362"><subfield code="a">Vol. 12, no. 26 (Feb. 1, 1984)-</subfield></datafield><datafield ind1=" " ind2=" " tag="588"><subfield code="a">Latest issue consulted: Vol. 16, no. 37 (Apr. 20, 1988).</subfield></datafield><datafield ind1=" " ind2=" " tag="752"><subfield code="a">United States</subfield><subfield code="b">Texas</subfield><subfield code="c">Hidalgo</subfield><subfield code="d">Mission.</subfield></datafield><datafield ind1="0" ind2="0" tag="780"><subfield code="t">Upper Valley progress</subfield><subfield code="w">(DLC)sn 88083646</subfield><subfield code="w">(OCoLC)18042452</subfield></datafield><datafield ind1="1" ind2=" " tag="029"><subfield code="a">AU@</subfield><subfield code="b">000025797996</subfield></datafield></record>